@BOOK{anthropy,
	    AUTHOR = "Anthropy, A.",
	    TITLE = "Rise of the Videogame Zinesters",
	    PUBLISHER = {Seven Stories Press},
	    ADDRESS = {USA},
	    YEAR = 2012}